%% LaTeX2e file `mharvell.bib'
%% generated by the `filecontents' environment
%% from source `presentation' on 2020/09/30.
%%
    @inproceedings{guangyi2018research,
    title={Research on underwater safety inspection and operational robot motion control},
    author={Guangyi, Zhang and Qingjun, Zeng and Zhiyu, Zhu and Xiaoqiang, Dai and Chunlei, Zhu},
    booktitle={2018 33rd Youth Academic Annual Conference of Chinese Association of Automation (YAC)},
    pages={322--327},
    year={2018},
    organization={IEEE}
    }
